@article{DEE2,
  title     = {Digital expression explorer 2: a repository of uniformly processed RNA sequencing data},
  author    = {Ziemann, Mark and Kaspi, Antony and El-Osta, Assam},
  journal   = {Gigascience},
  volume    = {8},
  number    = {4},
  pages     = {giz022},
  year      = {2019},
  publisher = {Oxford University Press}
}

@article{limma,
  title     = {limma powers differential expression analyses for RNA-sequencing and microarray studies},
  author    = {Ritchie, Matthew E and Phipson, Belinda and Wu, DI and Hu, Yifang and Law, Charity W and Shi, Wei and Smyth, Gordon K},
  journal   = {Nucleic acids research},
  volume    = {43},
  number    = {7},
  pages     = {e47--e47},
  year      = {2015},
  publisher = {Oxford University Press}
}

@manual{GOfuncR,
  title  = {GOfuncR: Gene ontology enrichment using FUNC},
  author = {Steffi Grote},
  year   = {2022},
  note   = {R package version 1.18.0}
}

@manual{org.Mm.eg.db,
  title  = {org.Mm.eg.db: Genome wide annotation for Mouse},
  author = {Marc Carlson},
  year   = {2022},
  note   = {R package version 3.16.0}
}

@article{sklearn,
  title   = {Scikit-learn: Machine Learning in {P}ython},
  author  = {Pedregosa, F. and Varoquaux, G. and Gramfort, A. and Michel, V.
             and Thirion, B. and Grisel, O. and Blondel, M. and Prettenhofer, P.
             and Weiss, R. and Dubourg, V. and Vanderplas, J. and Passos, A. and
             Cournapeau, D. and Brucher, M. and Perrot, M. and Duchesnay, E.},
  journal = {Journal of Machine Learning Research},
  volume  = {12},
  pages   = {2825--2830},
  year    = {2011}
}

@misc{tensorflow,
  title  = { {TensorFlow}: Large-Scale Machine Learning on Heterogeneous Systems},
  url    = {https://www.tensorflow.org/},
  note   = {Software available from tensorflow.org},
  author = {
            Mart\'{i}n~Abadi and
            Ashish~Agarwal and
            Paul~Barham and
            Eugene~Brevdo and
            Zhifeng~Chen and
            Craig~Citro and
            Greg~S.~Corrado and
            Andy~Davis and
            Jeffrey~Dean and
            Matthieu~Devin and
            Sanjay~Ghemawat and
            Ian~Goodfellow and
            Andrew~Harp and
            Geoffrey~Irving and
            Michael~Isard and
            Yangqing Jia and
            Rafal~Jozefowicz and
            Lukasz~Kaiser and
            Manjunath~Kudlur and
            Josh~Levenberg and
            Dandelion~Man\'{e} and
            Rajat~Monga and
            Sherry~Moore and
            Derek~Murray and
            Chris~Olah and
            Mike~Schuster and
            Jonathon~Shlens and
            Benoit~Steiner and
            Ilya~Sutskever and
            Kunal~Talwar and
            Paul~Tucker and
            Vincent~Vanhoucke and
            Vijay~Vasudevan and
            Fernanda~Vi\'{e}gas and
            Oriol~Vinyals and
            Pete~Warden and
            Martin~Wattenberg and
            Martin~Wicke and
            Yuan~Yu and
            Xiaoqiang~Zheng},
  year   = {2015}
}

@article{koch2018beginner,
  title     = {A beginnerâ€™s guide to analysis of RNA sequencing data},
  author    = {Koch, Clarissa M and Chiu, Stephen F and Akbarpour, Mahzad and Bharat, Ankit and Ridge, Karen M and Bartom, Elizabeth T and Winter, Deborah R},
  journal   = {American journal of respiratory cell and molecular biology},
  volume    = {59},
  number    = {2},
  pages     = {145--157},
  year      = {2018},
  publisher = {American Thoracic Society}
}

@article{D-GEX,
  title     = {Gene expression inference with deep learning},
  author    = {Chen, Yifei and Li, Yi and Narayan, Rajiv and Subramanian, Aravind and Xie, Xiaohui},
  journal   = {Bioinformatics},
  volume    = {32},
  number    = {12},
  pages     = {1832--1839},
  year      = {2016},
  publisher = {Oxford University Press}
}
